<?xml version="1.0" encoding="UTF-8"?><record xmlns="http://www.loc.gov/MARC21/slim" xmlns:cinclude="http://apache.org/cocoon/include/1.0" xmlns:zs="http://www.loc.gov/zing/srw/">
  <leader>00517nz  a2200193n  4500</leader>
  <controlfield tag="001">nr 98021777 </controlfield>
  <controlfield tag="003">DLC</controlfield>
  <controlfield tag="005">19980613051349.4</controlfield>
  <controlfield tag="008">980610n| acaaaaaa|          |a ana      </controlfield>
  <datafield tag="010" ind1=" " ind2=" ">
    <subfield code="a">nr 98021777 </subfield>
  </datafield>
  <datafield tag="040" ind1=" " ind2=" ">
    <subfield code="a">NIC</subfield>
    <subfield code="c">NIC</subfield>
  </datafield>
  <datafield tag="130" ind1=" " ind2="0">
    <subfield code="a">Biblica.</subfield>
    <subfield code="p">Testi e studi</subfield>
  </datafield>
  <datafield tag="430" ind1=" " ind2="0">
    <subfield code="a">Testi e studi (Brescia, Italy)</subfield>
  </datafield>
  <datafield tag="642" ind1=" " ind2=" ">
    <subfield code="a">5</subfield>
    <subfield code="5">NIC</subfield>
  </datafield>
  <datafield tag="643" ind1=" " ind2=" ">
    <subfield code="a">Brescia</subfield>
    <subfield code="b">Paideia</subfield>
  </datafield>
  <datafield tag="644" ind1=" " ind2=" ">
    <subfield code="a">f</subfield>
    <subfield code="5">NIC</subfield>
  </datafield>
  <datafield tag="645" ind1=" " ind2=" ">
    <subfield code="a">t</subfield>
    <subfield code="5">NIC</subfield>
  </datafield>
  <datafield tag="646" ind1=" " ind2=" ">
    <subfield code="a">s</subfield>
    <subfield code="5">NIC</subfield>
  </datafield>
  <datafield tag="670" ind1=" " ind2=" ">
    <subfield code="a">Apocrifi dell'Antico Testamento, 1981- :</subfield>
    <subfield code="b">v. 5, ser. t.p. (Biblica. Testi e studi; 5)</subfield>
  </datafield>
</record>